@article{belkin2019reconciling,
    doi={10.1073/pnas.1903070116},
    url={https://doi.org/10.1073%2Fpnas.1903070116},
    year=2019,
    month={jul},
    publisher={Proceedings of the National Academy of Sciences},
    volume={116},
    number={32},
    pages={15849--15854},
    author={Mikhail Belkin and Daniel Hsu and Siyuan Ma and Soumik Mandal},
    title={Reconciling modern machine-learning practice and the classical bias{\textendash}variance trade-off},
    journal={Proceedings of the National Academy of Sciences}
}

@article{baydin2018automatic,
  author={Atilim Gunes Baydin and Barak A. Pearlmutter and Alexey Andreyevich Radul and Jeffrey Mark Siskind},
  title={{Automatic Differentiation in Machine Learning: a Survey}},
  journal={Journal of Machine Learning Research},
  year={2018},
  volume={18},
  number={153},
  pages={1--43},
  url={http://jmlr.org/papers/v18/17-468.html},
}

@inproceedings{paszke2017automatic,
  title={{Automatic differentiation in PyTorch}},
  author={Paszke, Adam and Gross, Sam and Chintala, Soumith and Chanan, Gregory and Yang, Edward and DeVito, Zachary and Lin, Zeming and Desmaison, Alban and Antiga, Luca and Lerer, Adam},
  year={2017},
  url={https://openreview.net/pdf?id=BJJsrmfCZ},
  booktitle={Autodiff Workshop, Advances in Neural Information Processing Systems},
}

@incollection{goodfellow2016deep,
  booktitle={{Deep Learning}},
  title={{Deep Feedforward Networks}},
  author={Ian Goodfellow and Yoshua Bengio and Aaron Courville},
  publisher={MIT Press},
  url={https://www.deeplearningbook.org/contents/mlp.html},
  chapter={6},
  year={2016},
  pages={164--223},
}
